@inproceedings{DBLP:conf/nips/Parker-HolderNR20,
  author    = {Jack Parker{-}Holder and
               Vu Nguyen and
               Stephen J. Roberts},
  title     = {Provably Efficient Online Hyperparameter Optimization with Population-Based
               Bandits},
  booktitle = {Advances in Neural Information Processing Systems 33: Annual Conference
               on Neural Information Processing Systems 2020, NeurIPS 2020, December
               6-12, 2020, virtual},
  year      = {2020},
}
