
@article{stable-baselines3,
  author  = {Antonin Raffin and Ashley Hill and Adam Gleave and Anssi Kanervisto and Maximilian Ernestus and Noah Dormann},
  title   = {Stable-Baselines3: Reliable Reinforcement Learning Implementations},
  journal = {Journal of Machine Learning Research},
  year    = {2021},
  volume  = {22},
  number  = {268},
  pages   = {1-8},
  url     = {http://jmlr.org/papers/v22/20-1364.html}
}

@article{schulman2017proximal,
  title={Proximal policy optimization algorithms},
  author={Schulman, John and Wolski, Filip and Dhariwal, Prafulla and Radford, Alec and Klimov, Oleg},
  journal={arXiv preprint arXiv:1707.06347},
  year={2017}
}

@misc{rl-zoo,
  author = {Raffin, Antonin},
  title = {RL Baselines Zoo},
  year = {2018},
  publisher = {GitHub},
  journal = {GitHub repository},
  howpublished = {\url{https://github.com/araffin/rl-baselines-zoo}},
}

@article{hallak2015contextual,
  title={Contextual markov decision processes},
  author={Hallak, Assaf and Di Castro, Dotan and Mannor, Shie},
  journal={arXiv preprint arXiv:1502.02259},
  year={2015}
}

@incollection{biedenkapp2020dynamic,
  title={Dynamic algorithm configuration: foundation of a new meta-algorithmic framework},
  author={Biedenkapp, Andr{\'e} and Bozkurt, H Furkan and Eimer, Theresa and Hutter, Frank and Lindauer, Marius},
  booktitle={ECAI 2020},
  pages={427--434},
  year={2020},
  publisher={IOS Press}
}